<?xml version="1.0" encoding="UTF-8"?><collection xmlns="http://www.loc.gov/MARC21/slim"><record><leader>00312nam--2200121-i-4500</leader><controlfield tag="001">000045491</controlfield><controlfield tag="002">20161230</controlfield><controlfield tag="005">20161230201045</controlfield><controlfield tag="008">060222s1000------------r-----000-0-eng-d</controlfield><datafield ind1=" " ind2=" " tag="100"><subfield code="a">Trendelenburg, E.A</subfield></datafield><datafield ind1=" " ind2=" " tag="245"><subfield code="a">Ultrahochvakuum. eine einfuhrung</subfield></datafield><datafield ind1=" " ind2=" " tag="260"><subfield code="a">Karlsruhe, Verlag G.Braun 1963, Vii+196p</subfield></datafield><datafield ind1=" " ind2=" " tag="852"><subfield code="a">21765</subfield></datafield></record></collection>